<Doc xmlns:gs2="http://www.greenstone.org/gs2" file="HASH7c57\5f57a57c\fb45ab00\33s14.dir\doc.xml"  gs2:docOID="HASH7c575f57a57cfb45ab0033s14" gs2:mode="add">

<Sec  gs2:docOID="HASH7c575f57a57cfb45ab0033s14" gs2:mode="add">
&lt;pre&gt;
 LDR 01143njm  22003017a 4500
001     5750764
005     19950216074304.5
007     sdubsmennmpluu
008     950215s1978    mnuuun              eng  
035    _9 (DLC)   95775621
906    _a 7
       _b cbc
       _c orignew
       _d 3
       _e ncip
       _f 19
       _g y-genmusic
955    _a vn31
010    _a    95775621 
028 00 _a BAN-90051
       _b Pickwick
035    _a (OCoLC)31995193 
040    _a DLC
       _c DLC
050 00 _a Pickwick BAN-90051
245 00 _a Beatles live.
       _n Vol. 1
       _h [sound recording].
260    _a Minneapolis, MN :
       _b Pickwick,
       _c p1978.
300    _a 1 sound disc :
       _b analog, 33 1/3 rpm, stereo. ;
       _c 12 in.
511 0  _a Performed by the Beatles.
505 0  _a Roll over Beethoven -- Hippy hippy shake -- Falling in
 love again -- Lend me your comb -- Sheila -- Red sails in the
 sunset -- Matchbox -- I'm gonna sit right down and cry over you
 -- Be-bop-a-lula -- Hallelujah I love her so -- 'Til there was
 you -- Besame mucho -- A taste of honey.
500    _a Brief record.
650  0 _a Rock music
       _y 1961-1970.
710 2  _a Beatles.
       _4 prf
953    _a TA28
985    _a 9502
991    _b c-RecSound
       _h Pickwick BAN-90051
       _w MUSIC
&lt;/pre&gt;
 
</Sec>


</Doc>
